@inproceedings{tan2021efficientnetv2,
  title = {{EfficientNetv2}: Smaller models and faster training},
  author = {Tan, Mingxing and Le, Quoc},
  booktitle = {ICML},
  -pages = {10096--10106},
  year = {2021},
}

@article{lu2019vilbert,
  title = {{ViLBERT}: Pretraining task-agnostic visiolinguistic representations
           for vision-and-language tasks},
  author = {Lu, Jiasen and Batra, Dhruv and Parikh, Devi and Lee, Stefan},
  journal = {Advances in neural information processing systems},
  volume = {32},
  year = {2019},
}

@article{hochreiter1997long,
  title = {Long short-term memory},
  author = {Hochreiter, Sepp and Schmidhuber, J{\"u}rgen},
  journal = {Neural computation},
  volume = {9},
  number = {8},
  -pages = {1735--1780},
  year = {1997},
}

@article{liu2019roberta,
  title = {{RoBERTa}: A robustly optimized {BERT} pretraining approach},
  author = {Liu, Yinhan and Ott, Myle and Goyal, Naman and Du, Jingfei and Joshi
            , Mandar and Chen, Danqi and Levy, Omer and Lewis, Mike and
            Zettlemoyer, Luke and Stoyanov, Veselin},
  journal = {arXiv:1907.11692},
  year = {2019},
}

@inproceedings{CRF2001Lafferty,
  author = {Lafferty, John D. and McCallum, Andrew and Pereira, Fernando C. N.},
  title = {Conditional Random Fields: Probabilistic Models for Segmenting and
           Labeling Sequence Data},
  year = {2001},
  isbn = {1558607781},
  booktitle = {ICML},
  -pages = {282â€“289},
}

@inproceedings{mishra2021towards,
  title = {Towards Extraction of Theorems and Proofs in Scholarly Articles},
  author = {Shrey Mishra and Lucas Pluvinage and Pierre Senellart},
  booktitle = {Proc.\ {DocEng}},
  address = {Limerick, Irlande},
  month = aug,
  year = {2021},
}
